@online{blockchain_concepts,
  title = {Concept of Blockchain Technology},
  url   = {http://www-cs-faculty.stanford.edu/~uno/abcde.html}
}

@online{how_blockchain_works,
  title = {How does Blockchain really work?},
  url   = {https://inlea.com/how-does-blockchain-really-works/}
}

@online{frontend,
  title = {Ticketchain frontend repository},
  url   = {https://github.com/Krfld/Ticketchain}
}

@online{blockchain,
  title = {Ticketchain backend repository},
  url   = {https://github.com/Krfld/Ticketchain-Foundry}
}

@online{basescan,
  title = {BaseScan},
  url   = {https://sepolia.basescan.org/address/0x87f4a5c17c2d3dc48f8e19d81e319230fa28f20d}
}

@online{ticketline,
  title = {Ticketline},
  url   = {https://ticketline.sapo.pt/}
}

@online{blueticket,
  title = {Blueticket},
  url   = {https://blueticket.meo.pt/}
}

@online{worten,
  title = {Worten},
  url   = {https://www.worten.pt/}
}

@online{fnac,
  title = {Fnac},
  url   = {https://www.fnac.pt/}
}

@online{el_corte_ingles,
  title = {El Corte Ingl√©s},
  url   = {https://www.elcorteingles.pt/}
}

@online{bored_ape_yacht_club,
  title = {Bored Ape Yacht Club},
  url   = {https://www.boredapeyachtclub.com/}
}

@online{wallet_connect,
  title = {Wallet Connect},
  url   = {https://walletconnect.com/}
}

@online{metamask,
  title = {MetaMask},
  url   = {https://metamask.io/}
}

@online{foundry,
  title = {Foundry},
  url   = {https://book.getfoundry.sh/}
}

@online{openzeppelin,
  title = {OpenZeppelin},
  url   = {https://docs.openzeppelin.com/contracts/api/token/erc721#ERC721}
}

@online{ipfs,
  title = {InterPlanetary File System},
  url   = {https://ipfs.tech/}
}

@online{pinata,
  title = {Pinata},
  url   = {https://www.pinata.cloud/}
}

@online{erc721,
  title = {ERC721 GitHub},
  url   = {https://github.com/OpenZeppelin/openzeppelin-contracts/blob/v5.0.1/contracts/token/ERC721/ERC721.sol}
}
